[gd_scene load_steps=9 format=2]

[ext_resource path="res://Assets/kenney_platformercharacters/PNG/Player/player_tilesheet.png" type="Texture" id=1]
[ext_resource path="res://Scenes/Player.gd" type="Script" id=2]

[sub_resource type="RectangleShape2D" id=1]
extents = Vector2( 23.901, 33.7306 )

[sub_resource type="AtlasTexture" id=2]
flags = 4
atlas = ExtResource( 1 )
region = Rect2( 0, 0, 80, 110 )

[sub_resource type="AtlasTexture" id=3]
flags = 4
atlas = ExtResource( 1 )
region = Rect2( 80, 0, 80, 110 )

[sub_resource type="AtlasTexture" id=4]
flags = 4
atlas = ExtResource( 1 )
region = Rect2( 0, 110, 80, 110 )

[sub_resource type="AtlasTexture" id=5]
flags = 4
atlas = ExtResource( 1 )
region = Rect2( 80, 110, 80, 110 )

[sub_resource type="SpriteFrames" id=6]
animations = [ {
"frames": [ SubResource( 2 ) ],
"loop": true,
"name": "default",
"speed": 5.0
}, {
"frames": [ SubResource( 3 ) ],
"loop": true,
"name": "jump",
"speed": 5.0
}, {
"frames": [ SubResource( 4 ), SubResource( 5 ) ],
"loop": true,
"name": "run",
"speed": 5.0
} ]

[node name="KinematicBody2D" type="KinematicBody2D"]
scale = Vector2( 2.48356, 2.48356 )
script = ExtResource( 2 )

[node name="CollisionShape2D" type="CollisionShape2D" parent="."]
position = Vector2( 0.530331, -35.835 )
shape = SubResource( 1 )

[node name="AnimatedSprite" type="AnimatedSprite" parent="."]
position = Vector2( 0, -54.2348 )
frames = SubResource( 6 )
